<?xml version="1.0" encoding="UTF-8"?>
<zs:searchRetrieveResponse xmlns:zs="http://www.loc.gov/zing/srw/">
  <zs:version>1.1</zs:version>
  <zs:numberOfRecords>7</zs:numberOfRecords>
  <zs:records>
    <zs:record>
      <zs:recordSchema/>
      <zs:recordPacking>xml</zs:recordPacking>
      <zs:recordData>
        <record xmlns="http://www.loc.gov/MARC21/slim">
          <leader>01714cim a2200409 a 4500</leader>
          <controlfield tag="001">12868032</controlfield>
          <controlfield tag="005">20130528131437.0</controlfield>
          <controlfield tag="007">st mmncmbunnue</controlfield>
          <controlfield tag="008">020724s1968    xx nnn         cl   eng  </controlfield>
          <datafield tag="906" ind1=" " ind2=" ">
            <subfield code="a">7</subfield>
            <subfield code="b">cbc</subfield>
            <subfield code="c">origcop</subfield>
            <subfield code="d">2</subfield>
            <subfield code="e">ncip</subfield>
            <subfield code="f">20</subfield>
            <subfield code="g">y-soundrec</subfield>
          </datafield>
          <datafield tag="955" ind1=" " ind2=" ">
            <subfield code="a">qu47 2002-07-24</subfield>
          </datafield>
          <datafield tag="010" ind1=" " ind2=" ">
            <subfield code="a">  2002662543</subfield>
          </datafield>
          <datafield tag="033" ind1="0" ind2=" ">
            <subfield code="a">19680630</subfield>
            <subfield code="b">4364</subfield>
            <subfield code="c">S68</subfield>
          </datafield>
          <datafield tag="040" ind1=" " ind2=" ">
            <subfield code="a">DLC</subfield>
            <subfield code="c">DLC</subfield>
          </datafield>
          <datafield tag="050" ind1="0" ind2="0">
            <subfield code="a">RXA 1759</subfield>
          </datafield>
          <datafield tag="245" ind1="0" ind2="2">
            <subfield code="a">A roundtable discussion of harp methods</subfield>
            <subfield code="h">[sound recording].</subfield>
          </datafield>
          <datafield tag="260" ind1=" " ind2=" ">
            <subfield code="c">1968.</subfield>
          </datafield>
          <datafield tag="300" ind1=" " ind2=" ">
            <subfield code="a">1 sound tape reel :</subfield>
            <subfield code="b">analog, 3 3/4 ips, 2 track, mono. ;</subfield>
            <subfield code="c">7 in.</subfield>
          </datafield>
          <datafield tag="511" ind1="0" ind2=" ">
            <subfield code="a">Speakers include: Anne Adams, Marjorie Call, May Hogan Cambern, Stanley Chaloupka, Marilyn Costello, Mildred Dilling, Valeria Finzi, Catherine Gotthoffer, Lucy Lewis, Eileen Malone, and Susann McDonald.</subfield>
          </datafield>
          <datafield tag="518" ind1=" " ind2=" ">
            <subfield code="a">Recorded on June 30, 1968 during the American Harp Society National Conference in Santa Barbara, Calif.</subfield>
          </datafield>
          <datafield tag="500" ind1=" " ind2=" ">
            <subfield code="a">American Harp Society no. 43.</subfield>
          </datafield>
          <datafield tag="500" ind1=" " ind2=" ">
            <subfield code="a">Cataloged from information supplied by the American Harp Society; actual tape contents may vary.</subfield>
          </datafield>
          <datafield tag="650" ind1=" " ind2="0">
            <subfield code="a">Harp</subfield>
            <subfield code="x">Instruction and study</subfield>
            <subfield code="v">Congresses.</subfield>
          </datafield>
          <datafield tag="650" ind1=" " ind2="0">
            <subfield code="a">Harp</subfield>
            <subfield code="v">Methods</subfield>
            <subfield code="v">Congresses.</subfield>
          </datafield>
          <datafield tag="700" ind1="1" ind2=" ">
            <subfield code="a">Adams, Anne</subfield>
            <subfield code="c">(Harpist)</subfield>
            <subfield code="4">spk</subfield>
          </datafield>
          <datafield tag="700" ind1="1" ind2=" ">
            <subfield code="a">Call, Marjorie.</subfield>
            <subfield code="4">spk</subfield>
          </datafield>
          <datafield tag="700" ind1="1" ind2=" ">
            <subfield code="a">Cambern, May.</subfield>
            <subfield code="4">spk</subfield>
          </datafield>
          <datafield tag="700" ind1="1" ind2=" ">
            <subfield code="a">Chaloupka, Stanley.</subfield>
            <subfield code="4">spk</subfield>
          </datafield>
          <datafield tag="700" ind1="1" ind2=" ">
            <subfield code="a">Costello, Marilyn.</subfield>
            <subfield code="4">spk</subfield>
          </datafield>
          <datafield tag="700" ind1="1" ind2=" ">
            <subfield code="a">Dilling, Mildred.</subfield>
            <subfield code="4">spk</subfield>
          </datafield>
          <datafield tag="700" ind1="1" ind2=" ">
            <subfield code="a">Finzi, Valeria.</subfield>
            <subfield code="4">spk</subfield>
          </datafield>
          <datafield tag="700" ind1="1" ind2=" ">
            <subfield code="a">Gotthoffer, Catherine.</subfield>
            <subfield code="4">spk</subfield>
          </datafield>
          <datafield tag="700" ind1="1" ind2=" ">
            <subfield code="a">Lewis, Lucy,</subfield>
            <subfield code="d">1937-1989.</subfield>
            <subfield code="4">spk</subfield>
          </datafield>
          <datafield tag="700" ind1="1" ind2=" ">
            <subfield code="a">Malone, Eileen.</subfield>
            <subfield code="4">prf</subfield>
          </datafield>
          <datafield tag="700" ind1="1" ind2=" ">
            <subfield code="a">McDonald, Susann,</subfield>
            <subfield code="d">1935-</subfield>
            <subfield code="4">spk</subfield>
          </datafield>
          <datafield tag="710" ind1="2" ind2=" ">
            <subfield code="a">American Harp Society.</subfield>
          </datafield>
          <datafield tag="710" ind1="2" ind2=" ">
            <subfield code="a">American Harp Society.</subfield>
            <subfield code="b">National Conference</subfield>
            <subfield code="d">(1968 :</subfield>
            <subfield code="c">Santa Barbara, Calif.)</subfield>
          </datafield>
        </record>
      </zs:recordData>
      <zs:recordPosition>1</zs:recordPosition>
    </zs:record>